@article{Bulla1998,
  title = {Numerical Renormalization Group Calculations for the Self-Energy of the Impurity {{Anderson}} Model},
  author = {Bulla, R. and Hewson, A. C. and Pruschke, Th},
  date = {1998-09},
  journaltitle = {Journal of Physics: Condensed Matter},
  shortjournal = {J. Phys.: Condens. Matter},
  volume = {10},
  number = {37},
  pages = {8365},
  issn = {0953-8984},
  doi = {10.1088/0953-8984/10/37/021},
  url = {https://dx.doi.org/10.1088/0953-8984/10/37/021},
  langid = {english}
}

@article{Lu2014,
  title = {Efficient Real-Frequency Solver for Dynamical Mean-Field Theory},
  author = {Lu, Y. and HÃ¶ppner, M. and Gunnarsson, O. and Haverkort, M. W.},
  date = {2014-08-05},
  journaltitle = {Physical Review B},
  shortjournal = {Phys. Rev. B},
  volume = {90},
  number = {8},
  pages = {085102},
  publisher = {American Physical Society},
  doi = {10.1103/PhysRevB.90.085102},
  url = {https://link.aps.org/doi/10.1103/PhysRevB.90.085102}
}

@article{Lu2019,
  title = {Natural-Orbital Impurity Solver and Projection Approach for {{Green}}'s Functions},
  author = {Lu, Y. and Cao, X. and Hansmann, P. and Haverkort, M. W.},
  date = {2019-09-16},
  journaltitle = {Physical Review B},
  shortjournal = {Phys. Rev. B},
  volume = {100},
  number = {11},
  pages = {115134},
  publisher = {American Physical Society},
  doi = {10.1103/PhysRevB.100.115134},
  url = {https://link.aps.org/doi/10.1103/PhysRevB.100.115134}
}
